<record><leader>00000cas a22000007a 4500</leader><controlfield tag="001">21370201</controlfield><controlfield tag="008">900413d19691980couwr ne      0    0eng d</controlfield><datafield ind1=" " ind2=" " tag="010"><subfield code="a">sn 90051245 </subfield></datafield><datafield ind1=" " ind2=" " tag="040"><subfield code="a">CNQ</subfield><subfield code="b">eng</subfield><subfield code="c">CNQ</subfield><subfield code="d">OCLCQ</subfield></datafield><datafield ind1=" " ind2=" " tag="042"><subfield code="a">msc</subfield></datafield><datafield ind1="0" ind2="0" tag="245"><subfield code="a">Ouray County plaindealer and Ouray herald.</subfield></datafield><datafield ind1=" " ind2=" " tag="260"><subfield code="a">Ouray, Colo. :</subfield><subfield code="b">Plaindealer Corp.</subfield></datafield><datafield ind1=" " ind2=" " tag="300"><subfield code="a">v.</subfield></datafield><datafield ind1=" " ind2=" " tag="310"><subfield code="a">Weekly</subfield></datafield><datafield ind1="0" ind2=" " tag="362"><subfield code="a">Vol. 81, no. 19 (May 8, 1969)-v. 102, no. 45 (Apr. 17, 1980).</subfield></datafield><datafield ind1=" " ind2=" " tag="530"><subfield code="a">Available on microfilm from the Colorado Historical Society.</subfield></datafield><datafield ind1=" " ind2=" " tag="752"><subfield code="a">United States</subfield><subfield code="b">Colorado</subfield><subfield code="c">Ouray</subfield><subfield code="d">Ouray.</subfield></datafield><datafield ind1="0" ind2="0" tag="780"><subfield code="t">Ouray County herald</subfield><subfield code="w">(DLC)sn 90051244</subfield></datafield><datafield ind1="0" ind2="0" tag="785"><subfield code="t">Ouray County plaindealer</subfield><subfield code="w">(DLC)sn 90051246</subfield></datafield></record>